<?xml version="1.0" encoding="UTF-8"?><collection xmlns="http://www.loc.gov/MARC21/slim"><record><leader>00519nam--2200169-i-4500</leader><controlfield tag="001">000030116</controlfield><controlfield tag="002">20161230</controlfield><controlfield tag="005">20161230201038</controlfield><controlfield tag="008">060222s1000------------r-----000-0-rum-d</controlfield><datafield ind1=" " ind2=" " tag="041"><subfield code="a">rum</subfield></datafield><datafield ind1=" " ind2=" " tag="080"><subfield code="a">537.6(061.3)</subfield></datafield><datafield ind1="1" ind2=" " tag="110"><subfield code="a">Comitetul de Stat pentru Energia Nucleara</subfield></datafield><datafield ind1="1" ind2="0" tag="245"><subfield code="a">A ii-a conferinta de magnetism</subfield><subfield code="b">Lucrarile prezentate la a ii-a conferinta de magnetism 27-28 dec.1979</subfield></datafield><datafield ind1=" " ind2=" " tag="260"><subfield code="a">Iasi</subfield><subfield code="b">Institutul Politehnic Iasi</subfield><subfield code="c">1980</subfield></datafield><datafield ind1=" " ind2=" " tag="300"><subfield code="a">550P</subfield></datafield><datafield ind1=" " ind2=" " tag="852"><subfield code="a">79414</subfield><subfield code="c">537:538</subfield></datafield><datafield ind1=" " ind2=" " tag="CAT"><subfield code="a">Sys</subfield><subfield code="c">20110630</subfield><subfield code="h">161632</subfield></datafield></record></collection>